<?xml version="1.0" encoding="UTF-8"?><record xmlns="http://www.loc.gov/MARC21/slim" xmlns:cinclude="http://apache.org/cocoon/include/1.0" xmlns:zs="http://www.loc.gov/zing/srw/">
  <leader>00430nz  a2200133n  4500</leader>
  <controlfield tag="001">n 2011052626</controlfield>
  <controlfield tag="003">DLC</controlfield>
  <controlfield tag="005">20110805075030.0</controlfield>
  <controlfield tag="008">110804n| acannaabn          |n aaa      </controlfield>
  <datafield tag="010" ind1=" " ind2=" ">
    <subfield code="a">n 2011052626</subfield>
  </datafield>
  <datafield tag="040" ind1=" " ind2=" ">
    <subfield code="a">DLC</subfield>
    <subfield code="b">eng</subfield>
    <subfield code="c">DLC</subfield>
  </datafield>
  <datafield tag="100" ind1="1" ind2=" ">
    <subfield code="a">Molna패r, Jacqueline,</subfield>
    <subfield code="d">1973-</subfield>
  </datafield>
  <datafield tag="670" ind1=" " ind2=" ">
    <subfield code="a">Lackfi, J. Apa패m kakasa, 2009:</subfield>
    <subfield code="b">t.p. (Molna패r Jacqueline)</subfield>
  </datafield>
  <datafield tag="670" ind1=" " ind2=" ">
    <subfield code="a">Internet, Librivision: OSZK cat., Aug. 4, 2011</subfield>
    <subfield code="b">(hdg.: Molna패r, Jacqueline, 1973- )</subfield>
  </datafield>
</record>